<record><leader>00000cas a2200000 a 4500</leader><controlfield tag="001">32984394</controlfield><controlfield tag="008">950814d19231936caucr ne      0    0eng c</controlfield><datafield ind1=" " ind2=" " tag="010"><subfield code="a">sn 95061948 </subfield></datafield><datafield ind1=" " ind2=" " tag="040"><subfield code="a">CNK</subfield><subfield code="b">eng</subfield><subfield code="c">CNK</subfield><subfield code="d">OCLCQ</subfield><subfield code="d">CNK</subfield><subfield code="d">OCLCQ</subfield><subfield code="d">OCLCF</subfield><subfield code="d">OCLCO</subfield></datafield><datafield ind1="1" ind2=" " tag="029"><subfield code="a">AU@</subfield><subfield code="b">000025867361</subfield></datafield><datafield ind1=" " ind2=" " tag="042"><subfield code="a">pcc</subfield></datafield><datafield ind1=" " ind2=" " tag="043"><subfield code="a">n-us-ca</subfield></datafield><datafield ind1="0" ind2=" " tag="130"><subfield code="a">Rustler (King City, Calif.)</subfield></datafield><datafield ind1="1" ind2="4" tag="245"><subfield code="a">The rustler.</subfield></datafield><datafield ind1=" " ind2=" " tag="260"><subfield code="a">King City, Calif. :</subfield><subfield code="b">F.G. Vivian</subfield></datafield><datafield ind1=" " ind2=" " tag="300"><subfield code="a">v.</subfield></datafield><datafield ind1=" " ind2=" " tag="310"><subfield code="a">Semiweekly,</subfield><subfield code="b">Sept. 9, 1935-Apr. 6, 1936</subfield></datafield><datafield ind1=" " ind2=" " tag="321"><subfield code="a">Weekly,</subfield><subfield code="b">Nov. 2, 1923-Oct. 4, 1929</subfield></datafield><datafield ind1=" " ind2=" " tag="321"><subfield code="a">Semiweekly,</subfield><subfield code="b">Oct. 8, 1929-Feb. 5, 1932</subfield></datafield><datafield ind1=" " ind2=" " tag="321"><subfield code="a">Weekly,</subfield><subfield code="b">Feb. 12, 1932-Sept. 5, 1935</subfield></datafield><datafield ind1="0" ind2=" " tag="362"><subfield code="a">Vol. 23, no. 28 (Nov. 2, 1923)-v. 23, no. 46 (Mar. 14, 1924) ; 23rd year, no. 47 (Mar. 21, 1924)-35th year, no. 98 (Apr. 6, 1936).</subfield></datafield><datafield ind1=" " ind2=" " tag="530"><subfield code="a">Master negatives are available for duplication from:</subfield><subfield code="b">California Newspaper Microfilm Archive;</subfield><subfield code="c">positive copies may be purchased by the reel; for further information consult the CNMA at:</subfield><subfield code="u">http://cbsr.ucr.edu</subfield></datafield><datafield ind1=" " ind2="0" tag="651"><subfield code="a">Salinas River Valley (Calif.)</subfield><subfield code="v">Newspapers.</subfield></datafield><datafield ind1=" " ind2="7" tag="655"><subfield code="a">Newspapers.</subfield><subfield code="2">fast</subfield><subfield code="0">(OCoLC)fst01423814</subfield></datafield><datafield ind1=" " ind2="7" tag="651"><subfield code="a">California</subfield><subfield code="z">Salinas River Valley.</subfield><subfield code="2">fast</subfield><subfield code="0">(OCoLC)fst01275263</subfield></datafield><datafield ind1=" " ind2=" " tag="752"><subfield code="a">United States</subfield><subfield code="b">California</subfield><subfield code="c">Monterey</subfield><subfield code="d">King City.</subfield></datafield><datafield ind1="0" ind2="0" tag="780"><subfield code="t">Salinas Valley rustler (King City, Calif. : 1914)</subfield><subfield code="w">(DLC)sn 98061947</subfield></datafield><datafield ind1="0" ind2="0" tag="785"><subfield code="t">Semi-weekly rustler</subfield><subfield code="w">(DLC)sn 98061948</subfield></datafield></record>